Untuk setiap referensi, baris pertama (newton1687) merupakan label dan baris-baris berikutnya
merupakan atribut dari referensi yang akan digunakan. Umumnya, format referensi berikut sudah
disediakan oleh penyedia sumber referensi secara online dan bisa langsung ditaruh di sini.

Lihat https://www.bibtex.com/g/bibtex-format/ untuk informasi lebih lanjut mengenai format
BibTex yang digunakan pada file ini.

@article{lecrosnier2021deep,
  title={Deep learning-based object detection, localisation and tracking for smart wheelchair healthcare mobility},
  author={Lecrosnier, Louis and Khemmar, Redouane and Ragot, Nicolas and Decoux, Benoit and Rossi, Romain and Kefi, Naceur and Ertaud, Jean-Yves},
  journal={International journal of environmental research and public health},
  volume={18},
  number={1},
  pages={91},
  year={2021},
  publisher={MDPI}
}

@article{wijaya2022deteksi,
  title={Deteksi Objek Menggunakan YOLO V3 Untuk Keamanan Pada Pergerakan Kursi Roda Elektrik},
  author={Wijaya, Wahyu Krisna and Somawirata, I Komang and Labib, Radimas Putra Muhammad Davi},
  journal={Nucleus Journal},
  volume={1},
  number={2},
  pages={94--98},
  year={2022}
}

@article{Haidar_Utaminingrum_2023, 
  title={Deteksi Plat Nama Ruangan untuk Kendali Kursi Roda Pintar menggunakan YOLOv5 dan EasyOCR berbasis TX2}, 
  volume={7}, 
  url={https://j-ptiik.ub.ac.id/index.php/j-ptiik/article/view/12272}, 
  number={2}, 
  journal={Jurnal Pengembangan Teknologi Informasi dan Ilmu Komputer}, 
  author={Haidar, Muhammad Fadhel and Utaminingrum, Fitri}, 
  year={2023}, 
  month={3}, 
  pages={658–662} 
}

@article{zhang2021bytetrack,
  title={ByteTrack: Multi-Object Tracking by Associating Every Detection Box},
  author={Zhang, Yifu and Sun, Peize and Jiang, Yi and Yu, Dongdong and Yuan, Zehuan and Luo, Ping and Liu, Wenyu and Wang, Xinggang},
  journal={arXiv preprint arXiv:2110.06864},
  year={2021}
}

@inproceedings{bewley2016simple,
  title={Simple online and realtime tracking},
  author={Bewley, Alex and Ge, Zongyuan and Ott, Lionel and Ramos, Fabio and Upcroft, Ben},
  booktitle={ICIP},
  pages={3464--3468},
  year={2016},
  organization={IEEE}
}

@inproceedings{wojke2017simple,
  title={Simple online and realtime tracking with a deep association metric},
  author={Wojke, Nicolai and Bewley, Alex and Paulus, Dietrich},
  booktitle={2017 IEEE international conference on image processing (ICIP)},
  pages={3645--3649},
  year={2017},
  organization={IEEE}
}

@article{opencv_library,
    author = {Bradski, G.},
    citeulike-article-id = {2236121},
    journal = {Dr. Dobb's Journal of Software Tools},
    keywords = {bibtex-import},
    posted-at = {2008-01-15 19:21:54},
    priority = {4},
    title = {{The OpenCV Library}},
    year = {2000}
} 

@article{fischler1981random,
  title={Random sample consensus: a paradigm for model fitting with applications to image analysis and automated cartography},
  author={Fischler, Martin A and Bolles, Robert C},
  journal={Communications of the ACM},
  volume={24},
  number={6},
  pages={381--395},
  year={1981},
  publisher={ACM New York, NY, USA}
}

@article{white2019homography,
  title={The Homography as a State Transformation Between Frames in Visual Multi-Target Tracking},
  author={White, Jacob H and Beard, Randal W},
  year={2019}
}

@article{he2020fastreid,
  title={FastReID: A Pytorch Toolbox for General Instance Re-identification},
  author={He, Lingxiao and Liao, Xingyu and Liu, Wu and Liu, Xinchen and Cheng, Peng and Mei, Tao},
  journal={arXiv preprint arXiv:2006.02631},
  year={2020}
}

@article{zhang2020resnest,
  title={Resnest: Split-attention networks},
  author={Zhang, Hang and Wu, Chongruo and Zhang, Zhongyue and Zhu, Yi and Lin, Haibin and Zhang, Zhi and Sun, Yue and He, Tong and Mueller, Jonas and Manmatha, R and others},
  journal={arXiv preprint arXiv:2004.08955},
  year={2020}
}

@inproceedings{wang2020towards,
  title={Towards real-time multi-object tracking},
  author={Wang, Zhongdao and Zheng, Liang and Liu, Yixuan and Li, Yali and Wang, Shengjin},
  booktitle={Computer Vision--ECCV 2020: 16th European Conference, Glasgow, UK, August 23--28, 2020, Proceedings, Part XI 16},
  pages={107--122},
  year={2020},
  organization={Springer}
}

@article{kuhn1955hungarian,
  title={The Hungarian method for the assignment problem},
  author={Kuhn, Harold W},
  journal={Naval research logistics quarterly},
  volume={2},
  number={1-2},
  pages={83--97},
  year={1955},
  publisher={Wiley Online Library}
}

@inproceedings{shi1994good,
  title={Good features to track},
  author={Shi, Jianbo and others},
  booktitle={1994 Proceedings of IEEE conference on computer vision and pattern recognition},
  pages={593--600},
  year={1994},
  organization={IEEE}
}

@article{milan2016mot16,
  title={MOT16: A benchmark for multi-object tracking},
  author={Milan, Anton and Leal-Taix{\'e}, Laura and Reid, Ian and Roth, Stefan and Schindler, Konrad},
  journal={arXiv preprint arXiv:1603.00831},
  year={2016}
}

@inproceedings{Bouguet1999PyramidalIO,
  title={Pyramidal implementation of the lucas kanade feature tracker},
  author={J.-Y. Bouguet},
  year={1999}
}

@misc{aharon2022botsortrobustassociationsmultipedestrian,
      title={BoT-SORT: Robust Associations Multi-Pedestrian Tracking}, 
      author={Nir Aharon and Roy Orfaig and Ben-Zion Bobrovsky},
      year={2022},
      eprint={2206.14651},
      archivePrefix={arXiv},
      primaryClass={cs.CV},
      url={https://arxiv.org/abs/2206.14651}, 
}

@phdthesis{ekatama2024perancangan,
  title={Perancangan Sistem Kontrol Motor Kursi Roda Secara Nirkabel Berbasis ESP32},
  author={Ekatama, I},
  year={2024},
  school={Institut Teknologi Sepuluh Nopember}
}

@INPROCEEDINGS{10696374,
  author={Narwaria, Ravindra Pratap and Ahirwar, Anand and Prajapati, Abhinay K. and Kumar, Abhishek and Tiwari, Arin K.},
  booktitle={2024 Second International Conference on Intelligent Cyber Physical Systems and Internet of Things (ICoICI)}, 
  title={Smart Object Detection Using ESP32-CAM Based on YOLO Algorithm}, 
  year={2024},
  volume={},
  number={},
  pages={817-820},
  keywords={YOLO;Computer vision;Technological innovation;Surveillance;Software algorithms;Refining;Programming;Real-time systems;Hardware;Python;ESP32-CAM Module;Computer Vision;Real-time Object Detection;Machine Learning (ML);Surveillance Systems;Object Recognition;Python Programming;Image Processing;YOLO;Open CV},
  doi={10.1109/ICoICI62503.2024.10696374}
  }

@misc{oshea2015cnn,
      title={An Introduction to Convolutional Neural Networks}, 
      author={Keiron O'Shea and Ryan Nash},
      year={2015},
      eprint={1511.08458},
      archivePrefix={arXiv},
      primaryClass={cs.NE},
      url={https://arxiv.org/abs/1511.08458}, 
}

@misc{sapkota2024,
      title={Comprehensive Performance Evaluation of YOLO11, YOLOv10, YOLOv9 and YOLOv8 on Detecting and Counting Fruitlet in Complex Orchard Environments}, 
      author={Ranjan Sapkota and Zhichao Meng and Martin Churuvija and Xiaoqiang Du and Zenghong Ma and Manoj Karkee},
      year={2024},
      eprint={2407.12040},
      archivePrefix={arXiv},
      primaryClass={cs.CV},
      url={https://arxiv.org/abs/2407.12040}, 
}